@article{bermann2007impasses,
  title={Impasses and controversies of hydroelectricity},
  author={Bermann, C{\'e}lio},
  journal={Estudos avan{\c{c}}ados},
  volume={21},
  number={59},
  pages={139--153},
  year={2007},
  publisher={SciELO Brasil}
}

@article{herath2011water,
	title={The water footprint of hydroelectricity: a methodological comparison from a case study in New Zealand},
	author={Herath, Indika and Deurer, Markus and Horne, David and Singh, Ranvir and Clothier, Brent},
	journal={Journal of Cleaner Production},
	volume={19},
	number={14},
	pages={1582--1589},
	year={2011},
	publisher={Elsevier}
}

@article {lolthree,
	author = "OECD",
	title = "Energy Statistics of OECD Countries 2015",
	url = "/content/book/energy_stats_oecd-2015-en",
	doi = "http://dx.doi.org/10.1787/energy_stats_oecd-2015-en"
	publisher = "OECD Publishing"
}

@article{mason1959turbo,
	title={Turbo-generator performance under exceptional operating conditions},
	author={Mason, TH and Aylett, PD and Birch, FH},
	journal={Proceedings of the IEE-Part A: Power Engineering},
	volume={106},
	number={29},
	pages={357--373},
	year={1959},
	publisher={IET}
}

@article{loltwo,
	year={2011},
	issn={0164-0313},
	journal={Journal of Fusion Energy},
	volume={30},
	number={5},
	doi={10.1007/s10894-010-9365-0},
	title={Electromagnetic Theory of the Binding Energy of the Hydrogen Isotopes},
	url={http://dx.doi.org/10.1007/s10894-010-9365-0},
	publisher={Springer US},
	keywords={Nuclear interaction; Hydrogen isotopes; Nuclear binding energy; Electromagnetic interaction; Fine structure constant; Proton-neutron potential},
	author={Schaeffer, Bernard},
	pages={377-381},
	language={English}
}

@online{lol,
	title = {World Nuclear Power Reactors & Uranium Requirements},
	date = {December 1, 2015},
	url = {http://www.world-nuclear.org/info/Facts-and-Figures/World-Nuclear-Power-Reactors-and-Uranium-Requirements/},
}

@article{gowans1999movements,
	title={Movements of adult Atlantic salmon in relation to a hydroelectric dam and fish ladder},
	author={Gowans, ARD and Armstrong, JD and Priede, IG},
	journal={Journal of Fish Biology},
	volume={54},
	number={4},
	pages={713--726},
	year={1999},
	publisher={Wiley Online Library}
}

@book{cours,
	author = {G. Pierron},
	title = {RÃ©seaux Electriques},
	date = {2015},
}

